@Book{ark2012,
  editor =	 {Lenar\v{c}i\v{c}, J. and Husty, M.~L.},
  title =	 {Latest Advances in Robot Kinematics},
  publisher =	 {Springer},
  year =	 {2012},
  doi =		 {10.1007/978-94-007-4619-0},
}

@Article{denavit,
  author =   {Denavit, J. and Hartenberg, R.~S. },
  title =    {A Kinematic Notation for Lower Pair Mechanisms Based on Matrices},
  journal =      {ASME Journal of Applied Mechanics},
  year =     {1955},
  volume =   {22},
  number =   {2},
  pages =    {215--221},
  month =    {June}}
